<record><leader>00000cas a2200000 a 4500</leader><controlfield tag="001">26231769</controlfield><controlfield tag="008">920721d19691978iluwr ne      0   a0eng c</controlfield><datafield ind1=" " ind2=" " tag="010"><subfield code="a">sn 92053320 </subfield></datafield><datafield ind1=" " ind2=" " tag="040"><subfield code="a">NVF</subfield><subfield code="b">eng</subfield><subfield code="c">NVF</subfield><subfield code="d">OCLCQ</subfield><subfield code="d">CVF</subfield><subfield code="d">NVF</subfield><subfield code="d">OCLCF</subfield><subfield code="d">OCLCO</subfield></datafield><datafield ind1="1" ind2=" " tag="029"><subfield code="a">AU@</subfield><subfield code="b">000040190458</subfield></datafield><datafield ind1=" " ind2=" " tag="042"><subfield code="a">pcc</subfield></datafield><datafield ind1=" " ind2=" " tag="043"><subfield code="a">n-us-il</subfield></datafield><datafield ind1="0" ind2=" " tag="130"><subfield code="a">Echo (Prophetstown, Ill.)</subfield></datafield><datafield ind1="1" ind2="4" tag="245"><subfield code="a">The echo.</subfield></datafield><datafield ind1=" " ind2=" " tag="260"><subfield code="a">Prophetstown, Ill. :</subfield><subfield code="b">Print Graphics,</subfield><subfield code="c">1969-1978.</subfield></datafield><datafield ind1=" " ind2=" " tag="300"><subfield code="a">v.</subfield></datafield><datafield ind1=" " ind2=" " tag="310"><subfield code="a">Weekly</subfield></datafield><datafield ind1="0" ind2=" " tag="362"><subfield code="a">Vol. 81, no. 13 (Sept. 24, 1969)-v. 91, no. 22 (Jan. 25, 1978).</subfield></datafield><datafield ind1=" " ind2=" " tag="515"><subfield code="a">Continues numbering of: Prophetstown echo (Prophetstown, Ill. : 1895).</subfield></datafield><datafield ind1=" " ind2="0" tag="651"><subfield code="a">Prophetstown (Ill.)</subfield><subfield code="v">Newspapers.</subfield></datafield><datafield ind1=" " ind2="7" tag="655"><subfield code="a">Newspapers.</subfield><subfield code="2">fast</subfield><subfield code="0">(OCoLC)fst01423814</subfield></datafield><datafield ind1=" " ind2="7" tag="651"><subfield code="a">Illinois</subfield><subfield code="z">Prophetstown.</subfield><subfield code="2">fast</subfield><subfield code="0">(OCoLC)fst01883520</subfield></datafield><datafield ind1=" " ind2=" " tag="752"><subfield code="a">United States</subfield><subfield code="b">Illinois</subfield><subfield code="c">Whiteside</subfield><subfield code="d">Prophetstown.</subfield></datafield><datafield ind1="0" ind2="0" tag="780"><subfield code="t">Prophetstown echo (Prophetstown, Ill. : 1895)</subfield><subfield code="w">(DLC)sn 92053319</subfield><subfield code="w">(OCoLC)26231731</subfield></datafield><datafield ind1="0" ind2="0" tag="785"><subfield code="t">Prophetstown echo (Prophetstown, Ill. : 1978)</subfield><subfield code="w">(DLC)sn 92053321</subfield><subfield code="w">(OCoLC)26231812</subfield></datafield></record>